@article{BRITTO2005499,
title = "New recursion relations for tree amplitudes of gluons",
journal = "Nuclear Physics B",
volume = "715",
number = "1",
pages = "499 - 522",
year = "2005",
issn = "0550-3213",
doi = "https://doi.org/10.1016/j.nuclphysb.2005.02.030",
url = "http://www.sciencedirect.com/science/article/pii/S0550321305001744",
author = "Ruth Britto and Freddy Cachazo and Bo Feng"
}
@article{PhysRevLett.94.181602,
  title = {Direct Proof of the Tree-Level Scattering Amplitude Recursion Relation in Yang-Mills Theory},
  author = {Britto, Ruth and Cachazo, Freddy and Feng, Bo and Witten, Edward},
  journal = {Phys. Rev. Lett.},
  volume = {94},
  issue = {18},
  pages = {181602},
  numpages = {4},
  year = {2005},
  month = {May},
  publisher = {American Physical Society},
  doi = {10.1103/PhysRevLett.94.181602},
  url = {https://link.aps.org/doi/10.1103/PhysRevLett.94.181602}
}
@article{Elvang:2013cua,
      author         = "Elvang, Henriette and Huang, Yu-tin",
      title          = "{Scattering Amplitudes}",
      year           = "2013",
      eprint         = "1308.1697",
      archivePrefix  = "arXiv",
      primaryClass   = "hep-th",
      SLACcitation   = "%%CITATION = ARXIV:1308.1697;%%"
}
